@article{IBM_Implicit2D,
Author = {Ceniceros, H. D. and Fisher, J. E. and Roma, A. M.},
ISSN = {00219991},
Journal = {Journal of Computational Physics},
Keywords = {ROBUST control, SIMULATION methods, FLUID dynamics, INTERFACES (Physical sciences), FORCE & energy, CONSTRAINTS (Physics), INTERPOLATION, NEWTON-Raphson method, APPROXIMATION theory},
Number = {19},
Pages = {7137 - 7158},
Title = {Efficient solutions to robust, semi-implicit discretizations of the immersed boundary method.},
Volume = {228},
URL = {http://search.ebscohost.com.proxy.library.ucsb.edu:2048/login.aspx?direct=true&db=a9h&AN=43761632&site=ehost-live},
Year = {2009},
}

@article{EckartYoung,
Author = {C. Eckart and G. Young},
Journal = {Psychometrika},
Number = {3},
Pages = {211-218},
Title = {The approximation of one matrix by another of lower rank},
Volume = {1},
Year = {1936},
}

@article{Stokes_FMM,
title = "A fast multipole method for the three-dimensional {S}tokes equations",
journal = "Journal of Computational Physics",
volume = "227",
number = "3",
pages = "1613 - 1619",
year = "2008",
note = "",
issn = "0021-9991",
doi = "DOI: 10.1016/j.jcp.2007.06.029",
url = "http://www.sciencedirect.com/science/article/B6WHY-4P47GSH-4/2/bc2008e73f037866791c2c67211d783f",
author = "A.-K. Tornberg and L. Greengard"
}


@article{TreeCode_Krasny,
title = "A Cartesian treecode for screened coulomb interactions",
journal = "Journal of Computational Physics",
volume = "228",
number = "10",
pages = "3858 - 3868",
year = "2009",
note = "",
issn = "0021-9991",
doi = "DOI: 10.1016/j.jcp.2009.02.022",
url = "http://www.sciencedirect.com/science/article/B6WHY-4VR24D4-3/2/6103b26b07f184be1e133a17dc4cdd5c",
author = "P. Li and H. Johnston and R. Krasny",
keywords = "65Z05",
keywords = "82-08",
keywords = "Screened coulomb potential",
keywords = "Yukawa potential",
keywords = "Cartesian treecode",
keywords = "Particle-cluster interaction",
keywords = "Recurrence relations"
}


@article{SVDFMM_SudaKuriyama,
title = {Another preprocessing algorithm for generalized one-dimensional fast multipole method},
journal = {Journal of Computational Physics},
volume = {195},
number = {2},
pages = {790 - 803},
year = {2004},
ISSN = {00219991},
URL = {http://www.sciencedirect.com/science/article/B6WHY-4B3NM1S-3/2/ae6398c77d5d025ee4d411e8162300ce},
author = {R. Suda and S. Kuriyama},
}



@article{SVDFMM_GimbutasEtAl,
Abstract = {We present a modification of the fast multipole method (FMM) in two dimensions. While previous implementations of the FMM have been designed for harmonic kernels, our algorithm works for a large class of kernels that satisfy fairly general conditions, amounting to the kernel being sufficiently smooth away from the diagonal. Our algorithm approximates appropriately chosen parts of the kernel with "tensor products" of Legendre expansions and uses the singular value decomposition (SVD) to compress the resulting representations. The obtained singular function expansions replace the Taylor and Laurent expansions used in the original FMM. The algorithm requires O(N) operations and is stable and robust. The performance of the algorithm is illustrated with numerical examples. [ABSTRACT FROM AUTHOR]},
Author = {Gimbutas, Z. and Rokhlin, V.},
ISSN = {10648275},
Journal = {SIAM Journal on Scientific Computing},
Keywords = {KERNEL functions, LEGENDRE'S functions, POTENTIAL theory (Mathematics)},
Number = {3},
Pages = {796},
Title = {A GENERALIZED FAST MULTIPOLE METHOD FOR NONOSCILLATORY KERNALS.},
Volume = {24},
URL = {http://search.ebscohost.com.proxy.library.ucsb.edu:2048/login.aspx?direct=true&db=a9h&AN=9705159&site=ehost-live},
Year = {2002},
}


@article{SVDFMM_LuisTunon,
Abstract = {The authors present a new matrix compression algorithm to improve the efficiency of the fast multipole method (FMM). The method is based on the application of the singular value decomposition (SVD) to the plane wave FMM aggregation matrices. These matrices are low-ranked, which is exploited to provide alternative sets of orthonormal singular basis functions, obtained as linear combinations of the original basis. By choosing only the most relevant singular functions, a much more compact representation is obtained to accurately handle the interactions between the FMM groups. The new formulation provides a reduction close to one order of magnitude both in computational cost and memory requirements, with a moderate impact on the accuracy of the solution. [ABSTRACT FROM AUTHOR]},
Author = {Rodriguez, J. L. and Taboada, J. M. and Araújo, M. G. and Obelleiro Basteiro, F. and Landesa, L. and Garcia-Tuñón, I.},
ISSN = {0018926X},
Journal = {IEEE Transactions on Antennas \& Propagation},
Keywords = {MATRICES, ALGORITHMS, PERMUTATIONS, ELECTRONIC data processing, ELECTRIC fields, ELECTROMAGNETIC fields, MAGNETIC fields, ELECTROMAGNETISM, ANTENNA radiation patterns, Electromagnetic scattering, fast solvers, method of momoents (MoM), radar cross section (RCS), singular value decomposition (SVD)},
Number = {8},
Pages = {2325 - 2334},
Title = {On the Use of the Singular Value Decomposition in the Fast Multipole Method.},
Volume = {56},
URL = {http://search.ebscohost.com.proxy.library.ucsb.edu:2048/login.aspx?direct=true&db=a9h&AN=34124122&site=ehost-live},
Year = {2008},
}
























@string{JFM = "J. Fluid Mech."}
@string{CPAM = "Comm. Pure Appl. Math."}
@string{PF = "Phys. Fluids"}
@string{JCP = "J. Co?mput. Phys."}

@Article{McQueenPeskin2000,
  author  = {McQueen, D.M. \& Peskin, C.S.},
  title   = {A three-dimensional computer model of the human heart for studying cardiac fluid dynamics},
  journal =  {ACM SIGGRAPH Computer Graphics},
  year    =  2000,
  volume  =  34,
  number  =  1,
  month   = {February},
  pages   = {56--60}
}

@Article{AMS03,
  author =       {E. Aulisa, S. Manservisi and R. Scardovelli},
  title =        {A mixed markers and volume-of-fluid method for the 
                  reconstruction and advection of interfaces in two-phase
                  and free-boundary flows},
  journal =      {J. Comput. Phys.},
  year =         2003,
  volume =       188,
  pages =        {611--639}
}



@Article{BHL,
  author = 	 "J. T. Beale and T. Y. Hou and J. S. Lowengrub",
  title = 	 "Convergence of a Boundary Integral Method for Water
		  Waves",
  journal =	 "SIAM J. Numer. Anal.",
  year =	 1996,
  volume =	 33,
  number = 	 5,
  pages =	 "1797--1843"
}

@Article{BHL1,
  author = 	 "J. T. Beale and T. Y. Hou and J. S. Lowengrub",
  title = 	 "Growth Rates for The Linear Motion of Fluid
		  Interfaces Away from Equilibrium",
  journal =	 CPAM,
  year =	 1993,
  volume =	 46,
  pages =	 "1269--1301"
}

@Article{BMO1,
  author =       "G. R. Baker and D. I. Meiron and S. A. Orszag",
  title =        "Vortex Simulations of the {R}ayleigh-{T}aylor Instability",
  journal =      PF,
  year =         1980,
  volume =       23,
  pages =        {1485-1490}
}

@Article{BMO,
  author = 	 "G. R. Baker and D. I. Meiron and S. A. Orszag",
  title = 	 "Generalized Vortex Methods for Free-Surface Flow Problems",
  journal =	 JFM,
  year =	 1982,
  volume =	 123,
  pages =	 "477--501"
}

@TechReport{Bailey,
  author = 	 {D. H. Bailey},
  title = 	 {{MPFUN}: {A} portable high perfomance multiprecision package},
  institution =  {NASA Ames Research Center},
  year = 	 1990,
  number =	 {RNR-90-022}
}

@Unpublished{Beale98,
  author = 	 {J. T. Beale},
  title = 	 {A convergent boundary integral method for 3-{D} water waves},
  note = 	 {preprint, submitted to Math. Comput.},
  year =        1998
}


@Article{Bensimon,
  author = 	 {D. Bensimon},
  title = 	 {Stability of viscous fingering},
  journal = 	 {Phys. Rev. A},
  year = 	 1986,
  volume =	 33,
  number =	 2,
  pages =	 {1302--1308}
}

@Article{CH0,
  author = 	 {H. D. Ceniceros and T. Y. Hou},
  title = 	 {Convergence of a non-stiff boundary integral method
		  for interfacial flows with surface tension},
 journal =	 "Math. Comput.",
  year =	 1998,
  volume =	 67,
  pages =	 "137--182"
}


@Article{CH99,
  author = 	 {H. D. Ceniceros and T. Y. Hou},
  title = 	 {The Singular Perturbation of Surface Tension in {H}ele-{S}haw Flows},
  journal = 	 {J. Fluid Mech.},
  year = 	 2000,
  volume =	 409,
  pages =	 {251-272}
}


@Article{CHS99,
  author = 	 {H. D. Ceniceros and T. Y. Hou and H. Si},
  title = 	 {Numerical study of {H}ele-{S}haw flow with suction},
  journal = 	 PF,
  year = 	 1999,
  volume =	 11,
  number =	 9,
  pages =	 {2471-2486}
}

@Article{CK,
  author = 	 {P. Constantin and L. Kadanoff},
  title = 	 {Dynamics of a complex interface},
  journal = 	 {Physica D},
  year = 	 1991,
  volume =	 47,
  pages =	 {450--460}
}

@Article{CP,
  author = 	 {P. Constantin and M. Pugh},
  title = 	 {Global solutions for small data to the {H}ele-{S}haw problem},
  journal = 	 {Nonlinearity},
  year = 	 1993,
  volume =	 6,
  pages =	 {393--415}
}


@Article{CS99,
  author = 	 {H. D. Ceniceros and H. Si},
  title = 	 {Computation of axisymmetric suction flow through
                  porous media in the presence of surface tension},
  journal = 	 {J. Comput. Phys.},
  year = 	 2000,
  volume =	 165,
  pages =	 {237-260}
}


@Article{Crapper,
  author = 	 {G.  D. Crapper},
  title = 	 {Non-linear capillary waves generated by steep gravity waves},
  journal = 	 JFM,
  year = 	 1970,
  volume =	 40,
  pages =	 {149--159}
}

@Book{DR,
  author = 	 "P. G. Drazin and W. H. Reid",
  title = 	 "Hydrodynamic stability",
  publisher = 	 "Cambridge University Press",
  year = 	 1981,
  series =	 "Cambridge monographs on mechanics and applied mathematics",
  address =	 "New York"
}

@Article{Dai,
  author = 	 "W.-S. Dai and M. J. Shelley",
  title = 	 "A numerical study of the effect of surface tension
		  and noise on an expanding {H}ele-{S}haw bubble",
  journal =	 "Phys. Fluids A ",
  year =	 1993,
  volume =	 5,
  number =	 9,
  pages =	 "2131--2146"
}
@Article{Dold,
  author = 	 "J. W. Dold",
  title = 	 "An Efficient Surface-Integral Algorithm Applied to
		  Unsteady Gravity Waves",
  journal =	 JCP,
  year =	 1992,
  volume =	 103,
  pages =	 "90--115"
}

@Article{Duchon-Robert,
  author = 	 {J. Duchon and R. Robert},
  title = 	 {\'{E}volution d'une interface par capillarit\'e et 
                 diffusion de volume {I}. {E}xistence locale en temps},
  journal = 	 {Ann. Inst. Henri Poincar\'e},
  year = 	 1984,
  volume =	 1,
  number =	 5,
  pages =	 {361--378}
}
@Article{Duncan,
  author = 	 {J. H. Duncan and H. Qiao and V. Philomin and A. Wenz},
  title = 	 {Gentle spilling breakers:crest profile evolution},
  journal = 	 {J. Fluid Mech.},
  year = 	 1999,
  volume =	 379,
  pages =	 {191--222}
}

@Article{DuncanLiu,
  author = 	 {X. Liu and J. H. Duncan},
  title = 	 {The effects of surfactants on spilling breaking waves},
  journal = 	 {Nature},
  year = 	 2003,
  volume =	 421,
  pages =	 {520--523}
}


@Article{Ebuchi,
  author = 	 "N. Ebuchi and H. Kawamure and Y. Toba",
  title = 	 "Fine structure of laboratory wind-waves surfaces
		  studied using an optical method",
  journal =	 "Boundary Layer Met.",
  year =	 1987,
  volume =	 39,
  pages =	 "133--151"
}

@Article{HLS94,
  author = 	 "T. Y. Hou and J. S. Lowengrub and M. J. Shelley",
  title = 	 "Removing the Stiffness from Interfacial Flows with 
                            Surface Tension",
  journal =	 JCP,
  year =	 1994,
  volume =	 114,
  pages =	 "312--338"
}

@Article{HLS97,
  author = 	 "T. Y. Hou and J. S. Lowengrub 
                    and M. J. Shelley",
  title = 	 "The long-time motion of vortex  sheets
		  with surface tension",
  journal =	 "Phys. Fluids",
  year =	 1997,
  volume =	 9,
  number = 	 7,
  pages =	 "1933-1954"

}

@Unpublished{HZ98a,
  author = 	 {T. Y. Hou and P. Zhang},
  title = 	 {A new stabilizing technique for boundary integral methods},
  note = 	 {Math. Comput., to appear},
}


@Unpublished{HZ98b,
  author = 	 {T. Y. Hou and P. Zhang },
  title = 	{Stability of a boundary integral method for 3-{D} water waves},
  note = 	 {preprint, submitted to SIAM J. Numer. Anal. },
}

@Article{Krasny2,
  author = 	 "R. Krasny",
  title = 	 "A study of Singularity Formation in a Vortex Sheet
		  by the Point Vortex Approximation",
  journal =	 JFM,
  year =	 1986,
  volume =	 167,
  pages =	 "65--93"
}

@Article{L-H95,
  author = 	 {M. S. Longuet-Higgins},
  title = 	 {Parasitic capillary waves: a direct calculation},
  journal = 	 JFM,
  year = 	 1995,
  volume =	 301,
  pages =	 {79--107}
}

@Article{L-H96,
  author = 	 {M. S. Longuet-Higgins},
  title = 	 {Capillary Jumps on Deep Water},
  journal = 	 {Journal of Physical Oceanography},
  year = 	 1996,
  volume =	 26,
  pages =	 {1957--1965}
}

@Article{LHC,
  author = 	 "M. S. Longuet-Higgins and E. D. Cokelet",
  title = 	 "The Deformation of Steep Surface Waves on Water {I}. {A}
		  Numerical method of Computation",
  journal =	 "Proc. R. Soc. Lond. A.",
  year =	 1976,
  volume =	 350,
  pages =	 "1--26"
}


@Article{Paterson,
  author =       "L. Paterson",
  title =        "Radial fingering in a {H}ele-{S}haw cell",
  journal =      JFM,
  year =         1981,
  volume =       113,
  pages =        "513--529"
}

@Book{Pelce,
  author = 	 "P. Pelc\'{e}",
  title = 	 "Dynamics of Curved Fronts",
  publisher = 	 "Academic Press, Inc.",
  year = 	 1988,
  address =	 "San Diego"
}

@Article{Perlin,
  author = 	 "M. Perlin and H. Lin and C.-L. Ting",
  title = 	 "On parasitic capillary waves generated by steep
		  gravity waves: an experimental investigation with
		  spatial and temporal measurements",
  journal =	 JFM,
  year =	 1993,
  volume =	 255,
  pages =	 "597--620"
}

@Article{ Pullin,
  author = 	 "D. I.  Pullin",
  title = 	 "Numerical Studies of Surface-Tension Effects in
		  Nonlinear {K}elvin-{H}elmholtz and {R}ayleigh-{T}aylor
		  Instability",
  journal = 	 JFM,
  year = 	 1982,
  volume = 	 119,
  pages = 	 "507--532"
}


@Article{Rangel,
  author = 	 "R.H. Rangel and W.A. Sirignano",
  title = 	 "Nonlinear growth of {K}elvin-{H}elmholtz instability:
		  Effect of surface tension and density ratio",
  journal =	 PF,
  year =	 1988,
  volume = 	 31,
  number = 	 7,
  pages = 	 "1845--1855"
}
@Article{Robs,
  author = 	 "A. J. Roberts",
  title = 	 "A Stable and Accurate Numerical Method to Calculate
		  the Motion of a Sharp Interface between Fluids",
  journal =	 "IMA J. Appl. Math.",
  year =	 1983,
  volume =	 31,
  pages =	 "13--35"
}

@Article{Rosenhead,
  author = 	 {L. Rosenhead},
  title = 	 {The point vortex approximation of a vortex sheet},
  journal = 	 {Proc. Roy. Soc. London Ser. A},
  year = 	 1932,
  volume =	 134,
  pages =	 {170--192}
}

@Article{ST,
  author = 	 {P. G. Saffman and G. I. Taylor},
  title = 	 {The penetration of fluid into a porous medium or 
                  {H}ele-{S}haw cell},
  journal = 	 {Proc. Roy. Soc. A.},
  year = 	 1958,
  volume =	 245,
  pages =	 {312--329}
}

@Article{STD,
  author = 	 {M. Siegel and S. Tanveer and W.-S. Dai},
  title = 	 {Singular effects of surface tension in evolving {H}ele-{S}haw flows},
  journal = 	 {J. Fluid Mech.},
  year = 	 1996,
  volume =	 323,
  pages =	 {201--236}
}

@Article{ShraiBen84,
  author = 	 {B.  Shraiman and D. Bensimon},
  title = 	 {Singularities in nonlocal interface dynamics},
  journal = 	 {Phys. Rev. A.},
  year = 	 1984,
  volume =	 30,
  number =       5,
  pages =	 {2840--2842}
}

@Article{Tanveer93,
  author = 	 {S. Tanveer},
  title = 	 {Evolution of {H}ele-{S}haw interface for small surface tension},
  journal = 	 {Phil. Trans. R. Soc. Lond. A},
  year = 	 1993,
  volume =	 343,
  pages =	 {155--204}
}

@Article{Tian,
  author = 	 {F.R. Tian},
  title = 	 {On the breakdown of {H}ele-{S}haw solutions with non-zero 
                  surface tension},
  journal = 	 {J. Nonlinear Sci.},
  year = 	 1995,
  volume =	 5,
  pages =	 {479-484}
}

@Article{Tryg-Aref,
  author = 	 "G. Tryggvason and H. Aref",
  title = 	 "Numerical experiments in {H}ele-{S}haw flows with a
		  sharp interface",
  journal =	 JFM,
  year =	 1983,
  volume =	 136,
  pages =	 "1--30"
}

@InProceedings{Tulin,
  author = 	 {M. P. Tulin},
  title = 	 {Breaking of Ocean Waves and Downshifting},
  booktitle = 	 {Waves and Nonlinear Processes in Hydrodynamics},
  pages =	 {177--190},
  year =	 1996,
  publisher =	 {Kluwer Academic Publishers}
}

@article{hol88,
   author = {S.D. Howison and A.A. Lacey and J.R. Ockendon},
   title = {Hele-{S}haw free-boundary problems with suction},
   journal ={ Q. JI Mech. Appl. Math.},
   volume=41,
   pages = {183-193},
   year = 1988
}

@article{kh97,
   author = {E.D. Kelly and E.J. Hinch},
   title = {Numerical simulations of sink flow in the {H}ele-{S}haw cell with small
           surface tension},
   journal = {Euro. Jnl. of Applied Maths},
   volume= {8(6)},
   pages = {533-550},
   year = 1997
}

@article{nt98,
author = {Q.~Nie and F.~R. Tian},
title = {
Singularities in {H}ele-{S}haw flows},
journal = {SIAM J. Appl. Math},
volume = {58(1)},
pages = {34--54}, 
year = {1998}
}

@article{ric72,
author = {S. Richardson},
title = {{H}ele-{S}haw flows with a free boundary produced by the injection of
 fluid into a narrow channel.},
journal = {J. Fluid Mech.},
volume = {56},
pages = {609-618},
year = {1972}
}

@Article{Wu,
  author = 	 {S. J. Wu},
  title = 	 {Well-posedness in {S}obolev spaces of the full water wave problem in 2-{D}},
  journal = 	 {Invent. Math.},
  year = 	 1997,
  volume =	 130,
  pages =	 {39--72}
}

@Article{HKS98,
  author = 	 {T. Y. Hou and I. Klapper and H. Shi},
  title = 	 {Removing the stiffness of curvature in computing 3-{D} filaments},
  journal = 	 JCP,
  year = 	 1998,
  volume =	 143,
  pages =	 {628--664}
}

@Article{Saffman59,
  author = 	 {P. G. Saffman},
  title = 	 {Exact solutions for the growth of fingers from a flat interface between two fluids in a porous medium},
  journal = 	 {Q. J. Mech. Appl. Maths},
  year = 	 1959,
  volume =	 12,
  pages =	 {146--150}
}
@Article{Howison86,
  author = 	 {S. D. Howison},
  title = 	 {Bubble growth in porous media and {H}ele-{S}haw cells},
  journal = 	 {Proc. R. Soc. Edinb. A},
  year = 	 1986,
  volume =	 102,
  pages  =	 {141--148}
}

@Article{Howison86a,
  author = 	 {S. D. Howison},
  title = 	 {Cusp development in {H}ele-{S}haw flow with a free surface},
  journal = 	 {SIAM J. Appl. Math.},
  year = 	 1986,
  volume =	 46,
  pages =	 {20--26}
}

@Article{Howison86b,
  author = 	 {S. D. Howison},
  title = 	 {Fingering in {H}ele-{S}haw cells},
  journal = 	 {J. Fluid Mech.},
  year = 	 1986,
  volume =	 167,
  pages =	 {439--435}
}

@Article{CH1,
  author = 	 {H. D. Ceniceros and T. Y. Hou},
  title = 	 {Dynamic generation of capillary waves},
  journal = 	 PF,
  year = 	 1999,
  volume =	 11,
  number =	 5,
  pages =      {1042--1050}
}

@Article{KSP98,
  author = 	 {L. Kondic and M. J. Shelley and P. Palffy-Muhoray},
  title = 	 {Non-{N}ewtonian {H}ele-{S}haw flows and the {S}affman-{T}aylor instability},
  journal = 	 {Phys. Rev. Lett.},
  year = 	 1998,
  volume =	 80,
  number =	 7,
  pages =	 {1433--1436}
}

@Article{JLL97,
  author = 	 {H. J. Jou and P. H. Leo and J. S. Lowengrub},
  title = 	 {Microstructural evolution in inhomogeneous elastic media},
  journal = 	 {J. Comput. Phys.},
  year = 	 1997,
  volume =	 131,
  number =	 1,
  pages =	 {109--148}
}

@Article{AM96,
  author = 	 {N. Akaiwa and D. I. Meiron},
  title = 	 {Two-dimensional late-stage coarsening for nucleation and growth at high-area fractions},
  journal = 	 {Phys. Rev. E},
  year = 	 1996,
  volume =	 54,
  number =	 1,
  pages =	 {R13--R16}
}

@Article{Algrem96,
  author = 	 {R. Almgren},
  title = 	 {Singularity formation in {H}ele-{S}haw bubbles},
  journal = 	 {Phys. Fluids},
  year = 	 1996,
  volume =	 8,
  number =	 2,
  pages =	 {344--352}
}

@Article{KOOPSS98,
  author = 	 {D. A. Kessler and Z. Olami and J. Oz and I Procaccia and E. Somfai and L. M. Sander},
  title = 	 {Diffusion-limited aggregation and viscous fingering in a wedge:Evidence for a critical angle},
  journal = 	 {Phys. Rev. E},
  year = 	 1998,
  volume =	 57,
  number =	 6,
  pages =	 {6913--6916}
}

@Article{KESS97,
  author = 	 {J. N. Kutz and B. J. Eggleton and J. B. Stark and R. E. Slusher},
  title = 	 {Nonlinear pulse propagation in long period fiber gratings:{T}heory and
                  experiment},
  journal = 	 {IEEE J. Sel. Top. Quant.},
  year = 	 1997,
  volume =	 3,
  number =	 5,
  pages =	 {1232--1245}
}

@Article{Shelley,
  author = 	 "M. J. Shelley",
  title = 	 "A study of singularity formation in vortex sheet
		  motion by a spectrally accurate vortex method",
  journal =	 JFM,
  year =	 1992,
  volume =	 244,
  pages =	 "493--526"
}


@Article{BN98,
  author = 	 {G.  Baker and A. Nachbin},
  title = 	 {Stable Methods for Vortex Sheet Motion in Presence of Surface Tension},
  journal = 	 {SIAM J. Sci. Comput.},
  year = 	 1998,
  volume =	 19,
  number =	 5,
  pages =	 {1737--1766}
}

@Article{CH00,
  author = 	 {H. D. Ceniceros and T. Y. Hou},
  title = 	 {An efficient dynamically adaptive mesh for potentially singular solutions},
  journal = 	 {J. Comput. Phys},
  year = 	 2001,
  volume =	 172,
  pages =	 {609-639}
}


@Article{HR99,
  author = 	 {W. Huang and R. D. Russell},
  title = 	 {Moving mesh strategy based on a gradient flow equation for two-dimensional 
                  problems},
  journal = 	 {SIAM J. Sci. Comput.},
  year = 	 1999,
  volume =	 20,
  number =	 3,
  pages =	 {998--1015}
}

@Unpublished{CH00b,
  author = 	 {H. D. Ceniceros and T. Y. Hou},
  title = 	 {An efficient implicit descretization for the {C}ahn-{H}illiard equation},
  note = 	 {In preparation}
}

@Article{ARW95,
  author = 	 {U. M. Ascher and S. J. Ruuth and B. Wetton},
  title = 	 {{I}mplicit-{E}xplicit {M}ethods for {P}artial
		  {D}ifferential {E}quations},
  journal = 	 {SIAM J. Numer. Anal.},
  year = 	 1995,
  volume =	 32,
  number =	 3,
  pages =	 {797--823}
}

@Article{SW99,
  author = 	 {J. M. Stockie and B. R. Wetton},
  title = 	 {Analysis of stiffness in the immersed boundary method and implications for time-stepping schemes},
  journal = 	 {J. Comput. Phys.},
  year = 	 1999,
  volume =	 154,
  pages =	 {41--64}
}

@Article{SW95,
  author = 	 {J. M. Stockie and B. T. R. Wetton},
  title = 	 {Stability analysis for the immersed fiber problem},
  journal = 	 {SIAM J. Appl. Math },
  year = 	 1995,
  volume =	 55,
  number=6,
  pages =	 {1577--1591}
}

@Article{LundgrenM,
  author = 	 "T. S. Lundgren and N. N. Mansour",
  title = 	 "Oscillations of drops in zero gravity with weak viscous effects",
  journal =	 JFM,
  year =	 1988,
  volume =	 194,
  pages =	 "479--510"
}

@Article{Ant96,
  author = 	 {L. K. Antanovskii},
  title = 	 {Formation of a pointed drop in Taylor's four-roller mill},
  journal = 	 {J. Fluid Mech.},
  year = 	 1996,
  volume =	 327,
  pages =	 {325--341}
}

@Article{Sie00,
  author = 	 {M. Siegel},
  title = 	 {Cusp formation for time-evolving bubbles in two-dimensional Stokes flow},
  journal = 	 {J. Fluid Mech.},
  year = 	 2000,
  volume =	 412,
  pages =	 {227-257}
}


@Article{TV95,
  author = 	 {S. Tanveer and G. L. Vasconcelos},
  title = 	 {Time-evolving bubbles in two-dimensional Stokes flow},
  journal = 	 {J. Fluid Mech.},
  year = 	 1995,
  volume =	 301,
  pages =	 {325--344}
}

@Article{Poz97,
  author = 	 {C. Pozrikidis},
  title = 	 {Numerical studies if singularity formation at free surfaces and fluid interfaces in two-dimensional Stokes flow},
  journal = 	 {J. Fluid Mech.},
  year = 	 1997,
  volume =	 331,
  pages =	 {145--167}
}

@Article{Poz98,
  author = 	 {C. Pozrikidis},
  title = 	 {Numerical studies of cusp formation at fluid interfaces in Stokes flow},
  journal = 	 {J. Fluid. Mech.},
  year = 	 1998,
  volume =	 357,
  pages =	 {29--57}
}



@Article{Bru93,
  author = 	 {R. A. Bruijn},
  title = 	 {Tip streaming of drops in simple shear flows},
  journal = 	 {Chem. Engng. Sci.},
  year = 	 1993,
  volume =	 48,
  pages =	 {277--284}
}

@Article{Peskin77,
  author = 	 {C. S. Peskin},
  title = 	 {Numerical Analysis of blood flow in the heart},
  journal = 	 {J. Comput. Phys},
  year = 	 1977,
  volume =	 25,
  pages =	 {220--252}
}

@Article{TP92,
  author = 	 {C. Tu and C. S. Peskin},
  title = 	 {Stability and instability in the computations of flows with moving immersed boundaries: a comparison of three methods},
  journal = 	 {SIAM J. Sci. Stat. Comput.},
  year = 	 1992,
  volume =	 13,
  number =	 6,
  pages =	 {1361--1376}
}



@Article{LM00,
  author = 	 {Z. Li and M. Lai},
  title = 	 {The Immersed Interface Method for the {N}avier-{S}tokes Equations with Singular Forces},
  journal = 	 {J. Comput. Phys.},
  year = 	 2001,
  volume =	 171,
  number =	 2,
  pages =	 {822-842}
}


@Article{HM98,
  author = 	 {D. J. Haroldsen and D. I. Meiron},
  title = 	 {Numerical calculation of three-dimensional interfacial potential flows using the point vortex method},
  journal = 	 {SIAM J. Sci. Comput.},
  year = 	 1998,
  volume =	 20,
  number =	 2,
  pages =	 {648--683}
}

@Article{BMO84,
  author = 	 {G. R. Baker and D. I. Meiron and S. A. Orszag},
  title = 	 {Boundary integral methods for axisymmetric and three dimensional {R}ayleigh-{T}aylor instability problmes},
  journal = 	 {Physica D},
  year = 	 1984,
  volume =	 12,
  pages =	 {19--31}
}


@Article{Beale,
  author = 	 {J. T. Beale},
  title = 	 {A Convergent boundary integral method for three-dimensional water waves},
  journal = 	 {Math.  Comput.},
  year = 	 {Electronically published on February 17 2000},
}


@Unpublished{HZ,
  author = 	 {T. Y. Hou and P. Zhang},
  title = 	 {Stability of a boundary integral method for 3-D water waves},
  note = 	 {Submitted to {\em SIAM J. Num. Anal.}}
}

@PhdThesis{Helen,
  author = 	 {H. Si},
  title = 	 {Numerical study of interfacial flow with surface tension in two and three dimensions},
  school = 	 {California Institute of Technology},
  year = 	 2000
}

@InProceedings{MP93,
  author = 	 {A. A. Mayo and C. S. Peskin},
  title = 	 {An implicit numerical method for fluid dynamics problems with immersed elastic boundaries},
  booktitle = 	 {Fluid Dynamics in Biology: Proceedings of the AMS-IMS-SIAM Joint Summer Research Conference on Biofluiddynamics},
  pages =	 {261--277},
  year =	 1993,
  editor =	 {A. Y. Cheer and C. P. Van Dam},
  publisher =	 {American Mathematical Society}
}

@Article{LH94,
  author = 	 {M. S. Longuet-Higgins},
  title = 	 {Shear instability in spilling breakers},
  journal = 	 {Proc. R. Soc. Lond. A},
  year = 	 1994,
  volume =	 446,
  pages =	 {399--409}
}

@Article{HPL,
  author = 	 {Y. T. Hu and D. J. Pine and L. G. Leal},
  title = 	 {Drop deformation, breakup, and coalescence with compatibilizer},
  journal = 	 {Phys. Fluids},
  year = 	 2000,
  volume =	 12,
  number =	 3,
  pages =	 {484--489}
}

@Article{HLS01,
  author = 	 {T. Y. Hou and J. S. Lowengrub and M. J. Shelley},
  title = 	 {Boundary Integral Methods for Multicomponent Fluids and Multiphase Materials},
  journal = 	 {J. Comput. Phys.},
  year = 	 2001,
  volume =	 169,
  pages =	 {302-362}
}


@Article{KFL00,
  author = 	 {M. Kang and R. Fedkiw and X.-D. Liu},
  title = 	 {A boundary condition capturing method for multiphase incompressible flow},
  journal = 	 {J. Sci. Computing},
  year = 	 2000,
  volume =	 15,
  pages =	 {323-360}
}

@Article{UT92,
  author = 	 {S. O. Unverdi and G. Tryggvason},
  title = 	 {A front-tracking method for viscous, incompressible, multifluid flows},
  journal = 	 {J. Comput. Phys.},
  year = 	 1992,
  volume =	 100,
  pages =	 {25-37}
}


@Article{Tryg01,
  author = 	 {G. Tryggvason and B. Bunner and A. Esmaeeli and D. Juric and N. Al-Rawahi and W. Tauber and J. Han and S. Nas and Y.-J. Jan},
  title = 	 {A front-tracking method for computations of multiphase flow},
  journal = 	 {J. Comput. Phys.},
  year = 	 2001,
  volume =	 169,
  pages =	 {708-759}
}

@Article{SABCHW99,
  author = 	 {M. Sussman and A. S. Algrem and J. B. Bell and P. Colella and L. H. Howell and M. L. Welcome},
  title = 	 {An adaptive level set approach for incompressible two-phase flow},
  journal = 	 {J. Comput. Phys},
  year = 	 1999,
  volume =	 148,
  pages =	 {81-124}
}



@Article{RPB99,
  author = 	 {A. M. Roma and C. S. Peskin and M. J. Berger},
  title = 	 {An adaptive version of the immersed boundary method},
  journal = 	 {J. Comput. Phys.},
  year = 	 1999,
  volume =	 153,
  pages =	 {509-534}
}

@Article{BW81,
  author = 	 {D. Bhaga and M. E. Weber},
  title = 	 {Bubbles in viscous liquids: shapes, wakes and velocities},
  journal = 	 {J. Fluid Mech.},
  year = 	 1981,
  volume =	 105,
  pages =	 {61--85}
}


@Article{PBM00,
  author = 	 {T. D. Pollard and L. Banchoin and R. D. Mullins},
  title = 	 {Molecular mechanisms controlling actin filament dynamics in nonmuscle cells},
  journal = 	 {Annu. Rev. Biophys. Biomol. Struct.},
  year = 	 2000,
  volume =	 29,
  pages =	 {545-576}
}

@Article{St93,
  author = 	 {T. P. Stossel},
  title = 	 {On the crawling of animal cells},
  journal = 	 {Science},
  year = 	 1993,
  volume =	 260,
  pages =	 {1086-1094}
}

@Article{TM91,
  author = 	 {J. A. Theriot and T. J. Mitchison},
  title = 	 {Actin microfilament dynamics in locomoting cells},
  journal = 	 {Nature},
  year = 	 1991,
  volume =	 352,
  pages =	 {126-131}
}

@Article{MK99,
  author = 	 {A. Mogilner and G. Oster},
  title = 	 {The polymerization ratchet model explains the force-velocity relation for growing microtubules},
  journal = 	 {Eur. Biophys. J.},
  year = 	 1999,
  volume =	 28,
  pages =	 {235-242}
}


@Article{POO93,
  author = 	 {C. S. Peskin and G. M. Odell and G. F. Oster},
  title = 	 {Cellular motions and thermal fluctuations:the brownian ratchet.},
  journal = 	 {Biophys. J. },
  year = 	 1993,
  volume =	 65,
  pages =	 {316-324}
}

@Article{FAMO99,
  author = 	 {R. Fedkiw and T. Aslam and B. Merriman and S. Osher},
  title = 	 {A non-oscillatory {E}ulerian approach to interfaces in multimaterial flows (the {G}host {F}luid {M}ethod},
  journal = 	 {J. Comput. Phys.},
  year = 	 1999,
  volume =	 152,
  pages =	 {457-492}
}

@Article{MAC,
  author = 	 {F. H. Harlow and J. E. Welch},
  title = 	 {Numerical calculation of time-dependent viscous incompressible flow of fluid with a free surface},
  journal = 	 {Phys. Fluids},
  year = 	 1965,
  volume =	 8,
  pages =	 {2182-2189}
}

@Article{OS88,
  author = 	 {S. Osher and J. A. Sethian},
  title = 	 {Fronts propagating with curvature dependent speed: {A}lgorithms based on {H}amilton-{J}acobi formulations},
  journal = 	 {J. Comput. Phys.},
  year = 	 1988,
  volume =	 79,
  pages =	 {12-49}
}

@Article{VOFreview,
  author = 	 {R. Scardovelli and S. Zaleski},
  title = 	 {Direct numerical simulation of free-surface and interfacial flow},
  journal = 	 {Annu. Rev. Fluid Mech.},
  year = 	 1999,
  volume =	 31,
  pages =	 {567-603}
}


@Article{SFSO98,
  author = 	 {M. Sussman and E. Fatemi and P. Smereka and S. Osher},
  title = 	 {An improved level set method for incompressible two-phase flows},
  journal = 	 {Computers \& Fluids},
  year = 	 1998,
  volume =	 27,
  number =	 {5-6},
  pages =	 {663-680}
}



@Article{C02,
  author = 	 {H. D. Ceniceros},
  title = 	 {A Semi-implicit moving mesh method for the focusing nonlinear  {S}chrodinger equation},
  journal = 	 {Comm. Pure Appl. Anal.},
  year = 	 2002,
  volume =	 1,
  pages =	 {1--18}
}


@Unpublished{EFFM01,
  author = 	 {D. Enright and R. Fedkiw and J. Ferzinger and O. Mitchell},
  title = 	 {A hybrid particle level set method for improved interface capturing},
  note = 	 {Submitted to J. Comput. Phys., 2001},

}

@Article{Peskin2002,
  author = 	 {C. S. Peskin},
  title = 	 {The immersed boundary method},
  journal = 	 {Acta Numerica},
  year = 	 2002,
  pages =	 {477--517}
}

@Article{McQueen-Peskin89,
  author  = "{McQueen, D.M. \& Peskin, C.S.}",
  title   = "{A Three-Dimensional Method for Blood Flow in the Heart: (II) 
             Contractile Fibers}",
  journal =  JCP,
  year    =  1989,
  volume  =  82,
  number  =  2,
  month   = "April",
  pages   = "289--297"
}

@Article{SM95,
  author = 	 {U. Sundararaj and C. W. Macosko},
  title = 	 {Drop breakup and coalescence in polymer blends: the effects of concentration and compatibilization},
  journal = 	 {Macromolecules},
  year = 	 1995,
  volume =	 28,
  pages =	 {2647--2657}
}

@Article{YPHL,
  author = 	 {H. Yang and C. C. Park and Y. T. Hu and L. G. Leal},
  title = 	 {The coalescence of two equal-size drops in two-dimensional linear flow},
  journal = 	 {Phys. Fluids},
  year = 	 2001,
  volume =	 13,
  number =	 5,
  pages =	 {1087--1105}
}

@Article{CHMO96,
  author = 	 {Y. C. Chang and T. Y. Hou and B. Merriman and S. Osher},
  title = 	 {A level set formulation of {E}ulerian interface capturing methods for incompressible fluid flows},
  journal = 	 {J. Comput. Phys.},
  year = 	 1996,
  volume =	 124,
  pages =	 {449--464}
}

@Article{Cen03,
  author = 	 {H. D. Ceniceros},
  title = 	 {The effect of surfactants on the formation and evolution of capillary waves},
  journal = 	 {Phys. Fluids},
  year = 	 2003,
  volume =	 15,
  number =	 1,
  pages =	 {245--256}
}


@Article{CVf02,
  author = 	 {H. D. Ceniceros and J. M. Villalobos},
  title = 	 {Topological reconfiguration in expanding {H}ele-{S}haw flow},
  journal = 	 {J. Turbulence},
  year = 	 2002,
  volume =	 3,
  pages =	 037,
  annote =	 {http://jot.iop.org/}
}


@Unpublished{CKN05,
  author = 	 {H. D. Ceniceros and A. Karniala and M. Nitsche},
  title = 	 {High order quadratures for axi-symmetric {S}tokes flows},
  note = 	 {Preprint, 2005}
}

@Article{BC89,
  author  = {M. J. Berger and  P. Colella },
  title   = "Local Adaptive Mesh Refinement for Shock Hydrodynamics",
  journal =  {J. Comput. Phys.},
  year    =  1989,
  volume  =  82,
  pages   = "64--84"
}

@Article{LCCG05,
  author  = {W. Lyons and H. D. Ceniceros and S. Chandrasekaran and M. Gu},
  title   = {Fast algorithms for spectral collocation with non-periodic boundary conditions },
  journal =  {J. Comput. Phys.},
  year    =  2005,
  volume  =  207,
  pages   = {173--191}
}

@Article{CR03,
   author = {H. D. Ceniceros and A. M. Roma},
   title  = {Study of Long-Time Dynamics of a Viscous Vortex Sheet with a Fully Adaptive Non-Stiff Method},
   journal= {Phys. Fluids},
   year   = 2004,
   volume = 16,
   issue  = 12,
   pages  = {4285--4318}
}

@Article{CR05,
  author  = { H. D. Ceniceros and A. M. Roma},
  title   = {A multi-phase flow method with a fast, geometry-based fluid indicator},
  journal =  {J. Comput. Phys.},
  year    =  2005,
  volume  =  205,
  pages   = {391--400}
}

@Article{Berger-Rigoutsos91,
  author  = "{M. J. Berger and I. Rigoutsos}",
  title   = "An Algorithm for Point Clustering and Grid Generation",
  journal =  "IEEE Transactions on Systems, Man, and Cybernetics",
  year    =  1991,
  volume  =  21,
  number  =  5,
  month   = "September/October",
  pages   = "1278--1286"
}

@book{Briggs87,
 author = {Briggs, W.L.},
 title = {A multigrid tutorial},
 year = {1987},
 isbn = {0-89871-221-1},
 publisher = {Society for Industrial and Applied Mathematics},
 address = {Philadelphia, PA, USA},
 }

@Article{BCG89,
  author  = { J. B. Bell and P. Colella and H. M. Glaz},
  title   = {A second order projection method for the incompressible {N}avier-{S}tokes equations},
  journal =  {J. Comput. Phys.},
  year    =  1989,
  volume  =  85,
  pages   = {257--283}
}

@Article{BCM01,
  author  = { D. L. Brown and R. Cortez and M. L. Minion},
  title   = {Accurate projection methods for the incompressible  {N}avier-{S}tokes equations},
  journal =  {J. Comput. Phys.},
  year    =  2001,
  volume  =  168,
  pages   = {464--499}
}

@ARTICLE{Taylor1932,
   author = {{Taylor}, G.~I.},
    title = "{The Viscosity of a Fluid Containing Small Drops of Another Fluid}",
  journal = {Royal Society of London Proceedings Series A},
     year = 1932,
   volume = 138,
    pages = {41-48},
}
@Article{Glimm01,
  author =   {J. Glimm and J. W. Grove and X.L. Li and W. Oh and D. H. Sharp},
  title =    {A critical analysis of {R}ayleigh-{T}aylor growth rates},
  journal =      {J. Comput. Phys.},
  year =     2001,
  volume =   169,
  pages =    {652--677}
}



@Article{Glimm00,
  author =   {J. Glimm and J. Grove and X.-L. Li and D. C. Tan},
  title =    {Robust Computational Algorithms for Dynamic Interface Tracking in Three Dimensions },
  journal =      {SIAM J. Sci. Comput.},
  year =     2000,
  volume =   21,
  number =   6,
  pages =    {2240--2256}
}

@Article{Glimm98,
  author =   {J. Glimm and J.W Grove and X.-L.  Li and K. M Shyue and
Y.N  Zeng and Q. Zhang},
  title =    {Three-dimensional front tracking},
  journal =      {SIAM J. Sci. Comput.},
  year =     1998,
  volume =   19,
  number =   3,
  pages =    {703--727}
}

@Article{AS95,
  author = 	 {D. Adalsteinsson and J. A. Sethian},
  title = 	 {A FAST LEVEL SET METHOD FOR PROPAGATING INTERFACES},
  journal = 	 {J. Comput. Phys.},
  year = 	 1995,
  volume =	 118,
  number =	 2,
  pages =	 {269--277}
}
@Article{PMOZK99,
  author =   {D. Peng and B. Merriman and  S. Osher and  H. Zhao and M. Kang},
  title =    {A {PDE}-Based Fast Local Level Set Method},
  journal =      JCP,
  year =     1999,
  volume =   155,
  pages =    {410--438}
}

@phdthesis{Mauch03,
  author  = "{Mauch, S.}",
  title   = "Efficient Algorithms for Solving Static {H}amilton-{J}acobi Equations",
  school  = "California Institute of Technology",
  year    =  2003
}

@Article{SSO94,
  author = 	 {M. Sussman and P. Smereka and S. Osher},
  title = 	 {An level set approach for computing solutions to incompressible two-phase flow},
  journal = 	 {J. Comput. Phys.},
  year = 	 1994,
  volume =	 114,
   pages =	 {146--159}
}

@Article{PZ99,
  author =       {S. Popinet and S. Zaleski},
  title =        {A front-tracking algorithm for accurate representation of 
                  surface tension},
  journal =      {Int. J. Numer. Meth. Fluids},
  year =         1999,
  volume =       30,
  pages =        {775--793}
}

@Article{LNSZZ94,
  author =       {B. Lafaurie and C. Nardone and R. Scardovelli and S. Zaleski and G. Zanetti},
  title =        {Modeling merging and fragmentation in multiphase flows with {SURFER}},
  journal =      {J. Comput. Phys.},
  year =         1994,
  volume =       113,
  pages =        {134--147}
}

@Article{RK98,
  author =       {W. J. Rider and D. B. Kothe},
  title =        {Reconstructing volume tracking},
  journal =      {J. Comput. Phys.},
  year =         1998,
  volume =       141,
  pages =        {112}
}

@Article{PABMR97,
  author =       {E. G. Puckett and A. S. Almgren and J. B. Bell and  D. L. Marcus and W. J. Rider}, 
    title =        {A high order projection method for tracking fluid interfaces
                  in variable density incompressible flows},
  journal =      {J. Comput. Phys.},
  year =         1997,
  volume =       100,
  pages =        {269--282}
}


@Book{Pozrikidis92,
  author = 	{C. Pozrikidis},
  title = 	 {Boundary Integral and Singularity Methods for Linearized Viscous Flow},
  publisher = 	 {Cambridge Univ. Press},
  year = 	 1992,
  address = {Cambridge, U.K.}
}


@Article{ZLAC05,
  author =       {X. Zheng and J. Lowengrub and A. Anderson and V. Cristini}, 
    title =        {Adaptive unstructure volume remeshing-{II}: {A}pplication to two- and three-dimensional level-set simulations of multiphase flow.},
  journal =      {J. Comput. Phys.},
  year =         2005,
  volume =       208,
  pages =        {626--650}
}

@Article{SP00,
  author = 	 {M. Sussman and E. G. Puckett},
  title = 	 {A coupled level set and volume-of-fluid method for computing 3D and axisymmetric incompressible two-phase flows},
  journal = 	 {J. Comput. Phys.},
  year = 	 2000,
  volume =	 162,
   pages =	 {301--337}
}

@Article{SSHOZ2007,
  author = 	 {M. Sussman and K. M. Smith and M. Y.  Hussaini and M. Ohta and R. Zhi-Wei},
  title = 	 {A sharp interface method for incompressible two-phase flows},
  journal = 	 {J. Comput. Phys.},
  year = 	 2007,
  volume =	 221,
   pages =	 {469--505}
}


@Article{YSC01,
  author = 	 {T. Ye and W. Shyy and J.N. Chung},
  title = 	 {A  fixed-grid, sharp interface method for bubble dynamics and phase change},
  journal = 	 {J. Comput. Phys.},
  year = 	 2001,
  volume =	 174,
   pages =	 {781--815}
}

@Article{M-KL03,
  author = 	 {Z. Mohamed-Kassim and E. K. Longmire},
  title = 	 {Drop impact on a liquid-liquid interface},
  journal = 	 {Phys. Fluids},
  year = 	 2003,
  volume =	 15,
  number =11,
   pages =	 {3263--3273}
}

@Article{SMNCTFCMc04,
  author = 	 {F. S. de Sousa and N. Mangiavacchi and L. G. Nonato and A. Castelo and M. F. Tom\'e and V. G. Ferreira and J. A. Cuminato and S. Mckee},
  title = 	 {A front-tracking/front-capturing method for the simulation of 3{D} multi-fluid flows with free surfaces},
  journal = 	 {J. Comput. Phys.},
  year = 	 2004,
  volume =	 198,
   pages =	 {469--499}
}

@Article{LSS-ND03,
  author = 	 {A. L. F. Lima and A. Silveira-Neto and J. J. R. Damasceno},
  title = 	 {Numerical simulation of two-dimensional flows over a circular cylinder using the immersed boundary method},
  journal = 	 {J. Comput. Phys.},
  year = 	 2003,
  volume =	 189,
   pages =	 {351--370}
}

@Article{SADJ2005,
  author = 	 {S. Shin and S.I. Abdel-Khalik and V. Daru and D. Juric},
  title = 	 {Accurate representation of surface tension using the level contour reconstruction method},
  journal = 	 {J. Comput. Phys.},
  year = 	 2005,
  volume =	 203,
   pages =	 {493--516}
}

@Article{Stone94,
  author = 	 {H. A. Sone},
  title = 	 {Dynamics of drop deformation and breakup in viscous fluids},
  journal = 	 {Annu. Rev. Fluid Mech.},
  year = 	 1994,
  volume =	 26,
   pages =	 {65-102}
}

@Book{Cliff,
  author = 	 {R. Cliff and J. R. Grace and M. E. Webber},
  title = 	 {Bubbles, Drops, and Particles},
  publisher = 	 {Academic Press},
  year = 	 1978,
  address = {San Diego}
}

@Article{Uday97,
 author =   {H. S. Udaykumar and H.-C. Kan and W. Shyy and R. Tran-Son-Tay},
 title =    {Multiphase dynamics in arbitrary geometries on fixed
cartesian grids},
 journal =      {J. Comput. Phys.},
 year =     1997,
 volume =   137,
 pages =    {366--405}
}

@Article{Berger-Colella89,
 author  = "{Berger, M.J. \& Colella, P.}",
 title   = "Local Adaptive Mesh Refinement for Shock Hydrodynamics",
 journal =  JCP,
 year    =  1989,
 volume  =  82,
 pages   = "64--84"
}

@phdthesis{Roma96,
 author  = "{Roma, A.M.}",
 title   = "A Multilevel Self-adaptive Version of the Immersed Boundary
            Method",
 school  = "Courant Institute of Mathematical Sciences -- New York
            University",
 month   = "January",
 year    =  1996,
 note    = "University Microfilms \# 9621828."
}

@article{Arthurs-Moore-Peskin-Pitman-Layton98,
 author  = "{Arthurs, K.M.; Moore, L.C.; Peskin, C.S.; Pitman, E.B. \&
             Layton, H.E.}",
 title   = "Modeling Arteriolar Flow and Mass Transport Using the
            Immersed Boundary Method",
 journal =  JCP,
 year    =  1998,
 volume  =  147,
 pages   = "402--440"
}

@Article{Roma-Peskin-Berger99,
 author  = "{Roma, A.M.; Peskin, C.S.; Berger, M.J.}",
 title   = "An Adaptive Version of the Immersed Boundary Method",
 journal =  JCP,
 year    =  1999,
 volume  =  153,
 pages   = "509--534"
}

@Article{ Brown-Cortez-Minion2001,
 author = "D. BROWN and R. CORTEZ and M. MINION",
 title = "Accurate projection methods for the incompressible
Navier-Stokes equations",
 journal  = "J. Comput. Phys." ,
 volume =168,
 year = 2001,
 pages = "464--499",
 }
 
 @Article{ Griffith2007,
 author = "B. E. Griffith and R.  D. Hornung and D. M. McQueen and C. S. Peskin  ",
 title = "An adaptive, formally second order accurate version of the immersed boundary method ",
 journal  = "J. Comput. Phys." ,
 volume =223,
 year = 2007,
 pages = "10--49",
 }

 @Article{TUT02,
  author = 	 {W. Tauber and S. O. Unverdi and G. Tryggvason},
  title = 	 {The nonlinear behavior of a sheared immiscible fluid interface},
  journal = 	 {Phys. Fluids},
  year = 	 2002,
  volume =	 14,
  number =	 8,
  pages =	 {2871--2885}
}

 @Article{Grace73,
  author = 	 {J. R. Grace},
  title = 	 {Shapes and velocities of bubbles rising in infinite liquids},
  journal = 	 {Trans. Inst. Chem. Eng},
  year = 	 1973,
  volume =	 51,
  pages =	 {116--120}
}

@Article{ET98,
  author = 	 {A. Esmaeeli and G. Tryggvason},
  title = 	 {Direct numerical simulations of bubbly flows. {P}art 1. {L}ow {R}eynolds number arrays },
  journal = 	 {J. Fluid Mech.},
  year = 	 1998,
  volume =	 377,
  pages =	 {313--345}
}

@Article{PP93,
  author = 	 {B. F. Printz and C. S. Peskin},
  title = 	 {Improved volume conservation in the computation of flows with immersed elastic boundaries },
  journal = 	 {J. Comput. Phys..},
  year = 	 1993,
  volume =	 105,
  pages =	 {33--46}
}

@Article{HS2008a,
  author = 	 {T. Y. Hou and Z. Shi},
  title = 	 {Removing the stiffness of elastic force from the immersed boundary method for 2{D} {S}tokes equations },
  journal = 	 {J. Comput. Phys.},
  year = 	 2008,
  volume =	 227,
  pages =	 {9138--9169}
}

@Article{HS2008b,
  author = 	 {T. Y. Hou and Z. Shi},
  title = 	 {An efficient semi-implicit immersed boundary method for the {N}avier-{S}tokes equations },
  journal = 	 {J. Comput. Phys.},
  year = 	 2008,
  volume =	 227,
  pages =	 {8968--8991}
}

@Article{NFGK2007,
  author = 	 {E. P. Newren and A. L. Fogelson and R. D. Guy and R. M. Kirby},
  title = 	 {Unconditionally stable discretizations of the immersed boundary equations },
  journal = 	 {J. Comput. Phys.},
  year = 	 2007,
  volume =	 222,
  pages =	 {702--719}
}

@Article{MP2008,
  author = 	 {Y. Mori and C. S. Peskin},
  title = 	 {Implicit second-order immersed boundary methods with boundary mass},
  journal = 	 {Comput. Methods Appl. Mech. Engrg.},
  year = 	 2008,
  volume =	 197,
  pages =	 {2049--2067}
}

@Article{Mori2008,
  author = 	 {Y. Mori },
  title = 	 {Convergence proof of the velocity field for a {S}tokes flow immersed boundary method},
  journal = 	 {Communications on Pure and Applied Mathematics },
  year = 	 2008,
  volume =	 61,
  pages =	 {1213--1263}
}
